<?xml version="1.0" encoding="UTF-8"?><record xmlns="http://www.loc.gov/MARC21/slim" xmlns:cinclude="http://apache.org/cocoon/include/1.0" xmlns:zs="http://www.loc.gov/zing/srw/">
  <leader>00416nz  a2200121n  4500</leader>
  <controlfield tag="001">n 2007160676</controlfield>
  <controlfield tag="003">DLC</controlfield>
  <controlfield tag="005">20070208075119.0</controlfield>
  <controlfield tag="008">070207n| acannaabn          |n aaa      </controlfield>
  <datafield tag="010" ind1=" " ind2=" ">
    <subfield code="a">n 2007160676</subfield>
  </datafield>
  <datafield tag="040" ind1=" " ind2=" ">
    <subfield code="a">DLC</subfield>
    <subfield code="b">eng</subfield>
    <subfield code="c">DLC</subfield>
  </datafield>
  <datafield tag="100" ind1="1" ind2=" ">
    <subfield code="a">Dauphin, Rolphe</subfield>
  </datafield>
  <datafield tag="670" ind1=" " ind2=" ">
    <subfield code="a">NUCMC data from Museum of History &amp; Industry (Seattle, Wash.) for Burlington Northern Railroad photograph albums, ca. 1905-1935</subfield>
    <subfield code="b">(Rolphe Dauphin; photographer)</subfield>
  </datafield>
</record>